<record><leader>00000cas a22000007a 4500</leader><controlfield tag="001">11514042</controlfield><controlfield tag="008">841220d187518uucauwr ne      0    0eng d</controlfield><datafield ind1=" " ind2=" " tag="010"><subfield code="a">sn 84038790 </subfield></datafield><datafield ind1=" " ind2=" " tag="040"><subfield code="a">NPX</subfield><subfield code="b">eng</subfield><subfield code="c">NPX</subfield><subfield code="d">CNK</subfield><subfield code="d">OCLCQ</subfield><subfield code="d">OCLCF</subfield><subfield code="d">OCLCO</subfield></datafield><datafield ind1="1" ind2=" " tag="029"><subfield code="a">AU@</subfield><subfield code="b">000020620920</subfield></datafield><datafield ind1=" " ind2=" " tag="042"><subfield code="a">msc</subfield></datafield><datafield ind1=" " ind2=" " tag="043"><subfield code="a">n-us-ca</subfield></datafield><datafield ind1="0" ind2="4" tag="245"><subfield code="a">The Guadalupe telegraph.</subfield></datafield><datafield ind1=" " ind2=" " tag="260"><subfield code="a">Guadalupe, Calif. :</subfield><subfield code="b">D.W. Hubbell</subfield></datafield><datafield ind1=" " ind2=" " tag="300"><subfield code="a">v.</subfield></datafield><datafield ind1=" " ind2=" " tag="310"><subfield code="a">Weekly</subfield></datafield><datafield ind1="1" ind2=" " tag="362"><subfield code="a">Began with Apr. 10, 1875 issue.</subfield><subfield code="z">Cf. Dawson, M. Hist. and bibl. of Southern Calif. newspapers, 1851-1876.</subfield></datafield><datafield ind1=" " ind2=" " tag="500"><subfield code="a">Editor: De Witt Hubbell, &lt;1876&gt;.</subfield></datafield><datafield ind1=" " ind2=" " tag="588"><subfield code="a">Description based on: Vol. 2, no. 5 (May 6, 1876).</subfield></datafield><datafield ind1=" " ind2="0" tag="651"><subfield code="a">Guadalupe (Calif.)</subfield><subfield code="v">Newspapers.</subfield></datafield><datafield ind1=" " ind2="7" tag="655"><subfield code="a">Newspapers.</subfield><subfield code="2">fast</subfield><subfield code="0">(OCoLC)fst01423814</subfield></datafield><datafield ind1=" " ind2="7" tag="651"><subfield code="a">California</subfield><subfield code="z">Guadalupe.</subfield><subfield code="2">fast</subfield><subfield code="0">(OCoLC)fst01226651</subfield></datafield><datafield ind1=" " ind2=" " tag="752"><subfield code="a">United States</subfield><subfield code="b">California</subfield><subfield code="c">Santa Barbara</subfield><subfield code="d">Guadalupe.</subfield></datafield></record>